@techreport{RubioPulsoRica,
    title = {{Pulso Social Costa Rica}},
    author = {Rubio, Marcela G.}
}

@techreport{Duryea2016Pulso2016,
    title = {{Pulso Social de Am{\'{e}}rica Latina y el Caribe 2016}},
    year = {2016},
    author = {Duryea, Suzanne and Robles, Marcos},
    pages = {93},
    keywords = {1. Poverty-Government policy-Latin America. 2. Pov, Marcos. II. Banco Interamericano de Desarrollo. Se}
}